% Encoding: UTF-8


@Book{Weske2012BusinessProcessManagement,
  title     = {{Business Process Management: Concepts, Languages, Architectures}},
  publisher = {Springer Science \& Business Media},
  year      = {2012},
  author    = {Weske, Mathias},
  doi       = {10.1007/978-3-642-28616-2},
  file      = {:Weske2012BusinessProcessManagement.pdf:PDF},
}
